<?xml version="1.0" encoding="UTF-8"?><collection xmlns="http://www.loc.gov/MARC21/slim"><record><leader>00663nam--2200217-i-4500</leader><controlfield tag="001">000010741</controlfield><controlfield tag="002">20161230</controlfield><controlfield tag="005">20170108210403</controlfield><controlfield tag="008">060222s1000------------r-----000-0-eng-d</controlfield><datafield ind1=" " ind2=" " tag="020"><subfield code="a">070000409</subfield></datafield><datafield ind1=" " ind2=" " tag="040"><subfield code="a">IFIN-HH</subfield></datafield><datafield ind1=" " ind2=" " tag="080"><subfield code="a">536.7: 541.11</subfield></datafield><datafield ind1="1" ind2=" " tag="100"><subfield code="a">Abbott, Michael M</subfield></datafield><datafield ind1="1" ind2="0" tag="245"><subfield code="a">Thermodynamics</subfield><subfield code="b">Schaum's outline of theory and problems of thermodynamics</subfield><subfield code="c">Michael M. Abbott; Hendrick C. van Ness</subfield></datafield><datafield ind1=" " ind2=" " tag="260"><subfield code="a">New York</subfield><subfield code="b">McGraw-Hill Book Company</subfield><subfield code="c">1972</subfield></datafield><datafield ind1=" " ind2=" " tag="300"><subfield code="a">346 p</subfield></datafield><datafield ind1=" " ind2=" " tag="490"><subfield code="a">Schaum'S Outline Series</subfield></datafield><datafield ind1=" " ind2=" " tag="500"><subfield code="a">Including 225 Solved Problems</subfield></datafield><datafield ind1="1" ind2=" " tag="700"><subfield code="a">Van Ness, Hendrick C</subfield></datafield><datafield ind1=" " ind2=" " tag="852"><subfield code="a">39312</subfield><subfield code="c">536.7</subfield></datafield><datafield ind1=" " ind2=" " tag="CAT"><subfield code="a">SYS</subfield><subfield code="c">20170108</subfield><subfield code="h">210403</subfield></datafield></record></collection>